@Misc{cryptoeprint:2013:881,
	Note = {http://eprint.iacr.org/},
	Url = {Cryptology ePrint Archive, Report 2013/881},
	author = {Sompolinsky, Yonatan and Zohar, Aviv},
	title = {Accelerating Bitcoin{'}s Transaction Processing. Fast Money Grows on Trees, Not Chains},
	year = {2013},
}

